%! Author = alexnewnham
%! Date = 17/01/2023

%1.1

@article{iammarino2019regional,
  title={Regional inequality in Europe: evidence, theory and policy implications},
  author={Iammarino, Simona and Rodr{\'\i}guez-Pose, Andr{\'e}s and Storper, Michael},
  journal={Journal of economic geography},
  volume={19},
  number={2},
  pages={273--298},
  year={2019},
  publisher={Oxford University Press}
}


@article{ganong2017has,
  title={Why has regional income convergence in the US declined?},
  author={Ganong, Peter and Shoag, Daniel},
  journal={Journal of Urban Economics},
  volume={102},
  pages={76--90},
  year={2017},
  publisher={Elsevier}
}

@book{organisation2019oecd,
  title={OECD regional outlook 2019: Leveraging megatrends for cities and rural areas},
  author={OECD},
chapter = {Chapter 1},
  year={2019}
}

@article{dijkstra2020geography,
  title={The geography of EU discontent},
  author={Dijkstra, Lewis and Poelman, Hugo and Rodr{\'\i}guez-Pose, Andr{\'e}s},
  journal={Regional Studies},
  volume={54},
  number={6},
  pages={737--753},
  year={2020},
  publisher={Taylor \& Francis}
}


@article{becker2017voted,
  title={Who voted for Brexit? A comprehensive district-level analysis},
  author={Becker, Sascha O and Fetzer, Thiemo and Novy, Dennis},
  journal={Economic Policy},
  volume={32},
  number={92},
  pages={601--650},
  year={2017},
  publisher={Oxford University Press}
}



@incollection{biagi2018new,
  title={New frontiers in interregional migration research},
  author={Biagi, Bianca and Faggian, Alessandra and Rajbhandari, Isha and Venhorst, Viktor A},
  booktitle={New Frontiers in Interregional Migration Research},
  pages={1--18},
  year={2018},
  publisher={Springer}
}


@techreport{harrigan2016march,
  title={The march of the techies: Technology, trade, and job polarization in France, 1994-2007},
  author={Harrigan, James and Reshef, Ariell and Toubal, Farid},
  year={2016},
  institution={National Bureau of Economic Research}
}


%1.2
@article{hsieh2019housing,
  title={Housing constraints and spatial misallocation},
  author={Hsieh, Chang-Tai and Moretti, Enrico},
  journal={American Economic Journal: Macroeconomics},
  volume={11},
  number={2},
  pages={1--39},
  year={2019}
}

@article{rodriguez2020institutions,
  title={Institutions and the fortunes of territories},
  author={Rodr{\'\i}guez-Pose, Andr{\'e}s},
  journal={Regional Science Policy \& Practice},
  volume={12},
  number={3},
  pages={371--386},
  year={2020},
  publisher={Wiley Online Library}
}

@article{storper2018separate,
  title={Separate worlds? Explaining the current wave of regional economic polarization},
  author={Storper, Michael},
  journal={Journal of Economic Geography},
  volume={18},
  number={2},
  pages={247--270},
  year={2018},
  publisher={Oxford University Press}
}

@article{rodriguez2020housing,
  title={Housing, urban growth and inequalities: The limits to deregulation and upzoning in reducing economic and spatial inequality},
  author={Rodr{\'\i}guez-Pose, Andr{\'e}s and Storper, Michael},
  journal={Urban Studies},
  volume={57},
  number={2},
  pages={223--248},
  year={2020},
  publisher={SAGE Publications Sage UK: London, England}
}

@article{redding2017quantitative,
  title={Quantitative spatial economics},
  author={Redding, Stephen J and Rossi-Hansberg, Esteban},
  journal={Annual Review of Economics},
  volume={9},
  pages={21--58},
  year={2017},
  publisher={Annual Reviews}
}


@Software{Eisenhauer2019,
  Title  = {respy - A Package for the Simulation and Estimation of a prototypical
            finite-horizon Discrete Choice Dynamic Programming Model.},
  Author = {Philipp Eisenhauer},
  Year   = {2019},
  DOI    = {10.5281/zenodo.3011343},
  Url    = {https://doi.org/10.5281/zenodo.3011343}
}

@article{aguirregabiria2010dynamic,
  title={Dynamic discrete choice structural models: A survey},
  author={Aguirregabiria, Victor and Mira, Pedro},
  journal={Journal of Econometrics},
  volume={156},
  number={1},
  pages={38--67},
  year={2010},
  publisher={Elsevier}
}

@Unpublished{Gabler2020,
  Title  = {respy - A Framework for the Simulation and Estimation of
            Eckstein-Keane-Wolpin Models.},
  Author = {Janos Gabler and Tobias Raabe},
  Year   = {2020},
  Url    = {https://github.com/OpenSourceEconomics/respy},
}



%1.3

@article{krugman1991increasing,
  title={Increasing returns and economic geography},
  author={Krugman, Paul},
  journal={Journal of political economy},
  volume={99},
  number={3},
  pages={483--499},
  year={1991},
  publisher={The University of Chicago Press}
}


@techreport{davis2012spatial,
  title={A spatial knowledge economy},
  author={Davis, Donald R and Dingel, Jonathan I},
  year={2012},
  institution={National Bureau of Economic Research}
}

@article{glaeser2009wealth,
  title={The wealth of cities: Agglomeration economies and spatial equilibrium in the United States},
  author={Glaeser, Edward L and Gottlieb, Joshua D},
  journal={Journal of economic literature},
  volume={47},
  number={4},
  pages={983--1028},
  year={2009}
}

@article{desmet2018geography,
  title={The geography of development},
  author={Desmet, Klaus and Nagy, D{\'a}vid Kriszti{\'a}n and Rossi-Hansberg, Esteban},
  journal={Journal of Political Economy},
  volume={126},
  number={3},
  pages={903--983},
  year={2018},
  publisher={University of Chicago Press Chicago, IL}
}


@article{todaro1976internal,
  title={Internal migration in developing countries; a review of theory, evidence, methodology and research priorities},
  author={Todaro, Michael P and others},
  year={1976},
  publisher={Geneva (Switzerland) ILO}
}

%3.1
@incollection{holmes2015structural,
  title={Structural estimation in urban economics},
  author={Holmes, Thomas J and Sieg, Holger},
  booktitle={Handbook of regional and urban economics},
  volume={5},
  pages={69--114},
  year={2015},
  publisher={Elsevier}
}

@article{kennan2011effect,
  title={The effect of expected income on individual migration decisions},
  author={Kennan, John and Walker, James R},
  journal={Econometrica},
  volume={79},
  number={1},
  pages={211--251},
  year={2011},
  publisher={Wiley Online Library}
}

@incollection{constant2013economics,
  title={The economics of circular migration},
  author={Constant, Amelie F and Nottmeyer, Olga and Zimmermann, Klaus F},
  booktitle={International handbook on the economics of migration},
  year={2013},
  publisher={Edward Elgar Publishing}
}


@incollection{kennan2013modeling,
  title={Modeling individual migration decisions},
  author={Kennan, John and Walker, James R},
  booktitle={International handbook on the economics of migration},
  year={2013},
  publisher={Edward Elgar Publishing}
}

@article{bayer2012dynamics,
  title={On the dynamics of interstate migration: Migration costs and self-selection},
  author={Bayer, Christian and Juessen, Falko},
  journal={Review of Economic Dynamics},
  volume={15},
  number={3},
  pages={377--401},
  year={2012},
  publisher={Elsevier}
}

@article{kaplan2017understanding,
  title={Understanding the long-run decline in interstate migration},
  author={Kaplan, Greg and Schulhofer-Wohl, Sam},
  journal={International Economic Review},
  volume={58},
  number={1},
  pages={57--94},
  year={2017},
  publisher={Wiley Online Library}
}

@article{mcfadden1978modelling,
  title={Modelling the choice of residential location},
  author={McFadden, Daniel and others},
  year={1978},
  publisher={Institute of Transportation Studies, University of California Berkeley, CA}
}


@book{mobilite,
  title={Rapport 2018 : Les mobilités résidentielles en France - tendances et impacts territoriaux},
  author={{L'Observatoire des territoires}},
chapter = {Article 2},
  year={2018}
 }

 @book{Coquard,
  title={Ceux qui restent. Faire sa vie dans les campagnes en déclin},
  author={Coquard,Benoît},
 editor = {La découverte},
  year={2019}
 }

 @article{proost2019can,
  title={What can be learned from spatial economics?},
  author={Proost, Stef and Thisse, Jacques-Fran{\c{c}}ois},
  journal={Journal of Economic Literature},
  volume={57},
  number={3},
  pages={575--643},
  year={2019}
}
